%% This BibTeX bibliography file was created using BibDesk.
%% http://bibdesk.sourceforge.net/


%% Created for Luca Racchetti at 2012-05-06 19:23:14 +0200 


%% Saved with string encoding Unicode (UTF-8) 

@article{art:rif.1,
  author={R. Tizio and E. Caio},
    title={Using \LaTeX},
   year={1991},
    journal={JAm Stat Soc},
}

@book{book:rif.2,
    author={F.Sempronio},
   title={S-{P}lus is better than {SAS}},
  year={1990}
 editor={Wiley},
}


@url{DocumentManagementSystem,
	Abstract = {Il Document management system (DMS), letteralmente "Sistema di gestione dei documenti" {\`e} una categoria di sistemi software che serve a organizzare e facilitare la creazione collaborativa di documenti e di altri contenuti.

Tecnicamente il DMS {\`e} un'applicazione lato server che si occupa di eseguire operazioni massive sui documenti, catalogandoli ed indicizzandoli secondo determinati algoritmi.},
	Author = {Rezabot},
	Date-Added = {2012-05-06 17:16:27 +0000},
	Date-Modified = {2012-05-06 17:23:14 +0000},
	Keywords = {DMS, Document Management System},
	Lastchecked = {2012-05-6 19:18:00 +0000},
	Title = {Document Management System - Wikipedia},
	Urldate = {2012-01-11 16:02:00 +0000},
	Bdsk-Url-1 = {http://it.wikipedia.org/wiki/Document_Management_System}}
